% This file was created with JabRef 2.10.
% Encoding: UTF-8


@InProceedings{Bunescu2006,
  Title                    = {Using Encyclopedic Knowledge for Named entity Disambiguation},
  Author                   = {Razvan C. Bunescu and
 Marius Pasca},
  Booktitle                = {{EACL} 2006, 11\textsuperscript{st} Conference of the European Chapter of the Association
 for Computational Linguistics, Proceedings of the Conference, April
 3-7, 2006, Trento, Italy},
  Year                     = {2006},
}

@InProceedings{Cucerzan2007,
  Title                    = {Large-Scale Named Entity Disambiguation Based on Wikipedia Data},
  Author                   = {Silviu Cucerzan},
  Booktitle                = {EMNLP-CoNLL 2007, Proceedings of the 2007 Joint Conference on Empirical
 Methods in Natural Language Processing and Computational Natural Language
 Learning, June 28-30, 2007, Prague, Czech Republic},
  Year                     = {2007},
  Pages                    = {708--716},
}

@Article{Bansal2004,
  Title                    = {Correlation Clustering},
  Author                   = {Bansal, Nikhil and Blum, Avrim and Chawla, Shuchi},
  Journal                  = {Machine Learning},
  Year                     = {2004},
  Number                   = {1-3},
  Pages                    = {89--113},
  Volume                   = {56},
  Publisher                = {Kluwer Academic Publishers-Plenum Publishers}
}

@InProceedings{Baxter2003,
  Title                    = {A Comparison of Fast Blocking Methods for Record Linkage},
  Author                   = {Rohan Baxter and Peter Christen and Tim Churches},
  Booktitle                = {KDD 2003 Workshops},
  Year                     = {2003},
  Pages                    = {25--27}
}

@Article{Berners2001,
  Title                    = {The semantic web},
  Author                   = {Berners-Lee, Tim and Hendler, James and Lassila, Ora and others},
  Journal                  = {Scientific American},
  Year                     = {2001},
  Number                   = {5},
  Pages                    = {28--37},
  Volume                   = {284},
}

@InCollection{Balado2015,
  Title                    = {Linking Historical Ship Records to a Newspaper Archive},
  Author                   = {Bravo Balado, Andrea and de Boer, Victor and Schreiber, Guus},
  Booktitle                = {Social Informatics},
  Publisher                = {Springer International Publishing},
  Year                     = {2015},
  Editor                   = {Aiello, Luca Maria and McFarland, Daniel},
  Pages                    = {254--263},
  Series                   = {Lecture Notes in Computer Science},
  Volume                   = {8852},
  ISBN                     = {978-3-319-15167-0},
}

@Book{Christen2012,
  Title                    = {Data matching: concepts and techniques for record linkage, entity resolution, and duplicate detection},
  Author                   = {Christen, Peter},
  Publisher                = {Springer Science \& Business Media},
  Year                     = {2012}
}

@Article{Christen2012a,
  Title                    = {A Survey of Indexing Techniques for Scalable Record Linkage and Deduplication},
  Author                   = {Christen, Peter},
  Journal                  = {Knowledge and Data Engineering, IEEE Transactions on},
  Year                     = {2012},

  Month                    = sep,
  Number                   = {9},
  Pages                    = {1537--1555},
  Volume                   = {24},
}

@InProceedings{Cohen2003,
  Title                    = {A comparison of string distance metrics for name-matching tasks},
  Author                   = {William W. Cohen and Pradeep Ravikumar and Stephen E. Fienberg},
  Year                     = {2003},
  Pages                    = {73--78}
}

@InProceedings{Cusmai2008,
  Title                    = {Record Linkage as a Multiobjective Optimization Problem solved by Evolutionary Computation},
  Author                   = {Cusmai, Francesco and Aiello, Carola and Scannapieco, Monica and Catarci, Tiziana},
  Booktitle                = {Proceedings of the 1\textsuperscript{st} International Workshop on Emergent Semantics and cooperaTion in opEn systEMs},
  Year                     = {2008},
}

@Article{Dunn1946,
  Title                    = {Record Linkage},
  Author                   = {Dunn, Halbert L.},
  Journal                  = {American Journal of Public Health and the Nations Health},
  Year                     = {1946},

  Month                    = dec,
  Number                   = {12},
  Pages                    = {1412--1416},
  Volume                   = {36},

  Publisher                = {American Public Health Association},
}

@Article{Fellegi1969,
  Title                    = {A Theory for Record Linkage},
  Author                   = {Fellegi, Ivan P. and Sunter, Alan B.},
  Journal                  = {Journal of the American Statistical Association},
  Year                     = {1969},
  Number                   = {328},
  Pages                    = {1183--1210},
  Volume                   = {64},
  ISBN                     = {01621459},
}

@Article{Hernandez1995,
  Title                    = {The Merge/Purge Problem for Large Databases},
  Author                   = {Hern\'{a}ndez, Mauricio A. and Stolfo, Salvatore J.},
  Journal                  = {SIGMOD Rec.},
  Year                     = {1995},

  Month                    = may,
  Number                   = {2},
  Pages                    = {127--138},
  Volume                   = {24},
  
  Publisher                = {ACM}
}

@InProceedings{Knobbe2006,
  Title                    = {Maximally Informative K-itemsets and Their Efficient Discovery},
  Author                   = {Knobbe, Arno J. and Ho, Eric K. Y.},
  Booktitle                = {Proceedings of the 12\textsuperscript{th} ACM SIGKDD International Conference on Knowledge Discovery and Data Mining},
  Year                     = {2006},

  Pages                    = {237--244},
  Publisher                = {ACM},
  Series                   = {KDD '06},

  ISBN                     = {1-59593-339-5},
}

@Proceedings{Knobbe2014,
  Title                    = {Reconstructing Medieval Social Networks from English and Latin Charters},
  Year                     = {2014},

  Author                   = {Knobbe, A., Meeng, M., Vanschoren, J., Rees Jones, S. and Merlo Perring, S.},
  Journal                  = {Proceedings Population Reconstruction},
}

@InCollection{Kosters2008,
  Title                    = {Metrics for Mining Multisets},
  Author                   = {Kosters, Walter A. and Laros, Jeroen F.J.},
  Booktitle                = {Research and Development in Intelligent Systems XXIV},
  Publisher                = {Springer London},
  Year                     = {2008},
  Editor                   = {Bramer, Max and Coenen, Frans and Petridis, Miltos},
  Pages                    = {293--303},

  ISBN                     = {978-1-84800-093-3},
}

@Article{Kupiec1992,
  Title                    = {Robust part-of-speech tagging using a hidden Markov model},
  Author                   = {Julian Kupiec},
  Journal                  = {Computer Speech \& Language},
  Year                     = {1992},
  Number                   = {3},
  Pages                    = {225 - 242},
  Volume                   = {6},
}

@InProceedings{Levenshtein1966,
  Title                    = {Binary codes capable of correcting deletions, insertions, and reversals},
  Author                   = {Levenshtein, Vladimir I},
  Booktitle                = {Soviet physics doklady},
  Year                     = {1966},
  Number                   = {8},
  Pages                    = {707--710},
  Volume                   = {10}
}

@InProceedings{Lin2009,
  Title                    = {Phrase Clustering for Discriminative Learning},
  Author                   = {Lin, Dekang and Wu, Xiaoyun},
  Booktitle                = {Proceedings of the Joint Conference of the 47th Annual Meeting of the ACL and the 4th International Joint Conference on Natural Language Processing of the AFNLP: Volume 2 - Volume 2},
  Year                     = {2009},

  Address                  = {Stroudsburg, PA, USA},
  Pages                    = {1030--1038},
  Publisher                = {Association for Computational Linguistics},
  Series                   = {ACL '09},

  ISBN                     = {978-1-932432-46-6},
}

@InProceedings{Mihalcea2007,
  Title                    = {Wikify!: Linking Documents to Encyclopedic Knowledge},
  Author                   = {Mihalcea, Rada and Csomai, Andras},
  Booktitle                = {Proceedings of the Sixteenth ACM Conference on Conference on Information and Knowledge Management},
  Year                     = {2007},

  Address                  = {New York, NY, USA},
  Pages                    = {233--242},
  Publisher                = {ACM},
  Series                   = {CIKM '07},

  ISBN                     = {978-1-59593-803-9},
}

@InProceedings{Miller2004,
  Title                    = {Name Tagging with Word Clusters and Discriminative Training.},
  Author                   = {Miller, Scott and Guinness, Jethran and Zamanian, Alex},
  Booktitle                = {HLT-NAACL},
  Year                     = {2004},
  Pages                    = {337--342},
  Volume                   = {4}
}

@Article{Newcombe1959,
  Title                    = {Automatic Linkage of Vital Records: Computers can be used to extract "follow-up" statistics of families from files of routine records},
  Author                   = {Newcombe, H. B. and Kennedy, J. M. and Axford, S. J. and James, A. P.},
  Journal                  = {Science},
  Year                     = {1959},
  Number                   = {3381},
  Pages                    = {954-959},
  Volume                   = {130},
}

@InCollection{Pan2009,
  Title                    = {Resource Description Framework},
  Author                   = {Pan, Jeff Z.},
  Booktitle                = {Handbook on Ontologies},
  Publisher                = {Springer Berlin Heidelberg},
  Year                     = {2009},
  Editor                   = {Staab, Steffen and Studer, Rudi},
  Pages                    = {71-90},
  Series                   = {International Handbooks on Information Systems},

  ISBN                     = {978-3-540-70999-2},
}

@InCollection{Rao2013,
  Title                    = {Entity Linking: Finding Extracted Entities in a Knowledge Base},
  Author                   = {Rao, Delip and McNamee, Paul and Dredze, Mark},
  Booktitle                = {Multi-source, Multilingual Information Extraction and Summarization},
  Publisher                = {Springer Berlin Heidelberg},
  Year                     = {2013},
  Editor                   = {Poibeau, Thierry and Saggion, Horacio and Piskorski, Jakub and Yangarber, Roman},
  Pages                    = {93-115},
  Series                   = {Theory and Applications of Natural Language Processing},

  ISBN                     = {978-3-642-28568-4},
}

@Book{Rijsbergen1979,
  Title                    = {Information Retrieval},
  Author                   = {Rijsbergen, C. J. Van},
  Publisher                = {Butterworth-Heinemann},
  Year                     = {1979},

  Address                  = {Newton, MA, USA},
  Edition                  = {2nd},

  ISBN                     = {0408709294}
}

@Article{Rosenblatt1956,
  Title                    = {Remarks on some nonparametric estimates of a density function},
  Author                   = {Rosenblatt, Murray and others},
  Journal                  = {The Annals of Mathematical Statistics},
  Year                     = {1956},
  Number                   = {3},
  Pages                    = {832--837},
  Volume                   = {27},

  Publisher                = {Institute of Mathematical Statistics}
}

@Article{Shah2014,
  Title                    = {Improvement of Soundex algoruthm for Indian language based on phonetic matching},
  Author                   = {Shah, Rima and Singh, Dheeraj Kumar},
  Journal                  = {International Journal of Computer Science, Engineering and Applications},
  Year                     = {2014},
  Number                   = {3},
  Pages                    = {31},
  Volume                   = {4},

  Publisher                = {Academy \& Industry Research Collaboration Center (AIRCC)}
}

@Article{Tansel2006,
  Title                    = {A Survey of Entity Resolution and Record Linkage Methodologies},
  Author                   = {Brizan Tansel and David Guy Brizan and Abdullah Uz Tansel},
  Journal                  = {Communications of the IIMA},
  Year                     = {2006},
  Pages                    = {41--50}
}

@Article{Winchester1970,
  Title                    = {The Linkage of Historical Records by Man and Computer: Techniques and Problems},
  Author                   = {Winchester, Ian},
  Journal                  = {The Journal of Interdisciplinary History},
  Year                     = {1970},
  Number                   = {1},
  Pages                    = {pp. 107-124},
  Volume                   = {1},
}

@InProceedings{Zobel1996,
  Title                    = {Phonetic String Matching: Lessons from Information Retrieval},
  Author                   = {Zobel, Justin and Dart, Philip},
  Booktitle                = {Proceedings of the 19\textsuperscript{th} Annual International ACM SIGIR Conference on Research and Development in Information Retrieval},
  Year                     = {1996},

  Address                  = {New York, NY, USA},
  Pages                    = {166--172},
  Publisher                = {ACM},
  Series                   = {SIGIR '96},

  ISBN                     = {0-89791-792-8},
}

@Misc{FineRolls,
  Title                    = {Fine Rolls Henry III: 18 HENRY III (28 October 1233–27 October 1234)},
  Note                     = {\url{http://www.finerollshenry3.org.uk/content/calendar/roll_033.html}
 [Accessed: 28-07-2015]},
  Year                     = {2015}
}

@Misc{GasconRolls,
  Title                    = {\emph{The Gascon Rolls project}},
  Note                     = {\url{http://www.gasconrolls.org/en/}
 [Accessed: 28-07-2015]},
  Year                     = {2015}
}

@Misc{Soundex,
  Title                    = {The Soundex indexing system},
  Note                     = {\url{http://www.archives.gov/research/census/soundex.html}
 [Accessed: 28-07-2015]},
  Year                     = {2015}
}

@Misc{C53,
  Title                    = {Charter Rolls},
  Note                     = {\url{http://discovery.nationalarchives.gov.uk/details/r/C3613}} [Accessed: 28-07-2015]},
  Year                     = {2015},
}

@Misc{SC8,
  Title                    = {Special Collections: Ancient Petitions},
  Note                     = {\url{http://discovery.nationalarchives.gov.uk/details/r/C13526} [Accessed: 28-07-2015]},
  Year                     = {2015},
}

@Misc{TradePlantations,
  Title                    = {Officials of the Boards of Trade and Plantations},
  Note                     = {\url{http://www.british-history.ac.uk/office-holders/vol3} [Accessed: 28-07-2015]},
  Year                     = {2015},
}

@Misc{Wikipedia,
  Title                    = {Wikipedia},
  Note                     = {\url{http://www.wikipedia.org} [Accessed: 28-07-2015]},
  Year                     = {2015},
}